@misc{RoboticaMovil,
  author = {Anónimo},
  title = {Una Introducción a los Robots Móviles},
  year = {2008},
  address = {http://www.aadeca.org/pdf/CP\_monografias/monografia\_robot\_movil.pdf}
}


@misc{cascada,
  author = {Winston W. Royce},
  title = {Modelo en Cascada},
  year = {1970},
  address = {https://es.wikipedia.org/wiki/Desarrollo\_en\_cascada}
}

@misc{openrov,
  author = {Eric Stackpole and David Lang},
  title = {OpenROV},
  year = {2015},
  address = {https://openrov.dozuki.com/ , and https://openrov.com}
}

@misc{ros,
  author = {Willow Garage},
  title = {ROS},
  year = {2010},
  address = {http://www.ros.org/}
}

@misc{ros_rov,
  author = {Brian Adams},
  title = {ROS Integration with OpenROV},
  year = {2015},
  address = {http://blog.openrov.com/ros-integration-with-openrov/}
}

@mastersthesis{telemetria,
    author    = "Danilo Díaz Tarascó",
    title     = "Desarrollo de sistema de telemetría para teleoperación de robot submarino",
    school    = "Universidad Simón Bolívar",
    type     = "Proyecto Fin de Carrera",
    year      = "2016",
}

